<record><leader>00000cas a22000007a 4500</leader><controlfield tag="001">24486988</controlfield><controlfield tag="008">911002d18741875njuwr ne      0    0eng d</controlfield><datafield ind1=" " ind2=" " tag="010"><subfield code="a">sn 91064051 </subfield></datafield><datafield ind1=" " ind2=" " tag="040"><subfield code="a">NJW</subfield><subfield code="b">eng</subfield><subfield code="c">NJW</subfield><subfield code="d">OCL</subfield><subfield code="d">OCLCQ</subfield></datafield><datafield ind1="0" ind2="4" tag="245"><subfield code="a">The New Jersey granger.</subfield></datafield><datafield ind1=" " ind2=" " tag="260"><subfield code="a">Vineland, N.J. :</subfield><subfield code="b">New Jersey Granger Pub. Co.</subfield></datafield><datafield ind1=" " ind2=" " tag="300"><subfield code="a">v.</subfield></datafield><datafield ind1=" " ind2=" " tag="310"><subfield code="a">Weekly</subfield></datafield><datafield ind1="0" ind2=" " tag="362"><subfield code="a">Vol. 1, no. 1 (June 13, 1874)-</subfield></datafield><datafield ind1="1" ind2=" " tag="362"><subfield code="a">Ceased in 1875.</subfield></datafield><datafield ind1=" " ind2=" " tag="752"><subfield code="a">United States</subfield><subfield code="b">New Jersey</subfield><subfield code="c">Cumberland</subfield><subfield code="d">Vineland.</subfield></datafield><datafield ind1="0" ind2="7" tag="785"><subfield code="t">Vineland independent (1867)</subfield><subfield code="w">(DLC)sn 84026261</subfield><subfield code="w">(OCoLC)10361521</subfield></datafield><datafield ind1="0" ind2="7" tag="785"><subfield code="t">Vineland independent and New Jersey granger</subfield><subfield code="w">(DLC)sn 91064062</subfield></datafield></record>